@book{ecclesiastes:npd,
    author = "{\relax Biblia Stary Testament}",
    title = "Księga Koheleta",
    publisher = "Nowy Przekład Dynamiczny",
    year = "2021",
}
